<record><leader>00000cas a22000007a 4500</leader><controlfield tag="001">38139141</controlfield><controlfield tag="008">971229d193619uucauer ne      0    0eng d</controlfield><datafield ind1=" " ind2=" " tag="010"><subfield code="a">sn 97060531 </subfield></datafield><datafield ind1=" " ind2=" " tag="040"><subfield code="a">CNK</subfield><subfield code="b">eng</subfield><subfield code="c">CNK</subfield><subfield code="d">OCLCQ</subfield><subfield code="d">OCLCO</subfield></datafield><datafield ind1="1" ind2=" " tag="029"><subfield code="a">AU@</subfield><subfield code="b">000013708146</subfield></datafield><datafield ind1=" " ind2=" " tag="042"><subfield code="a">msc</subfield></datafield><datafield ind1=" " ind2=" " tag="043"><subfield code="a">n-us-ca</subfield></datafield><datafield ind1="0" ind2="4" tag="245"><subfield code="a">The San Diego organizer.</subfield></datafield><datafield ind1="3" ind2=" " tag="246"><subfield code="a">Organizer</subfield></datafield><datafield ind1=" " ind2=" " tag="260"><subfield code="a">San Diego, Calif. :</subfield><subfield code="b">[s.n.]</subfield></datafield><datafield ind1=" " ind2=" " tag="300"><subfield code="a">v.</subfield></datafield><datafield ind1=" " ind2=" " tag="310"><subfield code="a">Biweekly</subfield></datafield><datafield ind1="0" ind2=" " tag="362"><subfield code="a">Vol. 1, no. 1 (July 1, 1936)-</subfield></datafield><datafield ind1=" " ind2=" " tag="500"><subfield code="a">"The San Diego" is in small type above "Organizer."</subfield></datafield><datafield ind1=" " ind2=" " tag="550"><subfield code="a">Official publication of Unemployed Workers Protective Union of San Diego County.</subfield></datafield><datafield ind1="2" ind2="0" tag="610"><subfield code="a">Unemployed Workers Protective Union of San Diego County</subfield><subfield code="v">Newspapers.</subfield></datafield><datafield ind1=" " ind2="0" tag="650"><subfield code="a">Unemployed</subfield><subfield code="z">California</subfield><subfield code="z">San Diego County</subfield><subfield code="v">Newspapers.</subfield></datafield><datafield ind1="2" ind2=" " tag="710"><subfield code="a">Unemployed Workers Protective Union of San Diego County.</subfield></datafield><datafield ind1=" " ind2=" " tag="752"><subfield code="a">United States</subfield><subfield code="b">California</subfield><subfield code="c">San Diego</subfield><subfield code="d">San Diego.</subfield></datafield></record>